<record><leader>00000cas a22000007a 4500</leader><controlfield tag="001">22161201</controlfield><controlfield tag="008">900731c19uu9999fluwr ne      0   a0eng c</controlfield><datafield ind1=" " ind2=" " tag="010"><subfield code="a">sn 90001859 </subfield></datafield><datafield ind1=" " ind2=" " tag="040"><subfield code="a">NSD</subfield><subfield code="b">eng</subfield><subfield code="c">NSD</subfield><subfield code="d">OCLCQ</subfield></datafield><datafield ind1=" " ind2=" " tag="012"><subfield code="m">y</subfield></datafield><datafield ind1="1" ind2=" " tag="022"><subfield code="a">1051-967X</subfield><subfield code="l">1051-967X</subfield><subfield code="2">1</subfield></datafield><datafield ind1=" " ind2=" " tag="032"><subfield code="a">068130</subfield><subfield code="b">USPS</subfield></datafield><datafield ind1=" " ind2=" " tag="037"><subfield code="b">The Winter Park Sun Outlook, 844 Maguire Rd., Ocoee, FL 34761</subfield></datafield><datafield ind1=" " ind2=" " tag="042"><subfield code="a">nsdp</subfield><subfield code="a">pcc</subfield></datafield><datafield ind1=" " ind2="0" tag="222"><subfield code="a">Winter Park sun outlook</subfield></datafield><datafield ind1="0" ind2="0" tag="245"><subfield code="a">Winter Park sun outlook.</subfield></datafield><datafield ind1=" " ind2=" " tag="260"><subfield code="a">Ocoee, FL :</subfield><subfield code="b">Sun Newspaper Group</subfield></datafield><datafield ind1=" " ind2=" " tag="300"><subfield code="a">v.</subfield></datafield><datafield ind1=" " ind2=" " tag="310"><subfield code="a">Weekly</subfield></datafield><datafield ind1=" " ind2=" " tag="588"><subfield code="a">Description based on: Vol. 10, no. 36 (July 12, 1990).</subfield></datafield><datafield ind1=" " ind2=" " tag="752"><subfield code="a">United States</subfield><subfield code="b">Florida</subfield><subfield code="c">Orange</subfield><subfield code="d">Winter Park.</subfield></datafield><datafield ind1=" " ind2=" " tag="752"><subfield code="a">United States</subfield><subfield code="b">Florida</subfield><subfield code="c">Orange</subfield><subfield code="d">Mitland.</subfield></datafield><datafield ind1="0" ind2="0" tag="780"><subfield code="t">Winter Park outlook</subfield><subfield code="x">0745-9203</subfield><subfield code="w">(DLC)sn 83009418</subfield></datafield><datafield ind1="1" ind2=" " tag="029"><subfield code="a">AU@</subfield><subfield code="b">000025905451</subfield></datafield></record>